<?xml version="1.0" encoding="UTF-8"?><record xmlns="http://www.loc.gov/MARC21/slim" xmlns:cinclude="http://apache.org/cocoon/include/1.0" xmlns:zs="http://www.loc.gov/zing/srw/">
  <leader>00614nz  a2200193n  4500</leader>
  <controlfield tag="001">no2013103727</controlfield>
  <controlfield tag="003">DLC</controlfield>
  <controlfield tag="005">20130925073507.0</controlfield>
  <controlfield tag="008">130924n| azannaabn          |n aaa     c</controlfield>
  <datafield tag="010" ind1=" " ind2=" ">
    <subfield code="a">no2013103727</subfield>
  </datafield>
  <datafield tag="035" ind1=" " ind2=" ">
    <subfield code="a">(OCoLC)oca09575279</subfield>
  </datafield>
  <datafield tag="040" ind1=" " ind2=" ">
    <subfield code="a">ItFiC</subfield>
    <subfield code="b">eng</subfield>
    <subfield code="e">rda</subfield>
    <subfield code="c">ItFiC</subfield>
  </datafield>
  <datafield tag="046" ind1=" " ind2=" ">
    <subfield code="f">1944</subfield>
  </datafield>
  <datafield tag="100" ind1="1" ind2=" ">
    <subfield code="a">Furia, Luigi,</subfield>
    <subfield code="d">1944-</subfield>
  </datafield>
  <datafield tag="370" ind1=" " ind2=" ">
    <subfield code="a">Casal di Principe, Italy</subfield>
  </datafield>
  <datafield tag="374" ind1=" " ind2=" ">
    <subfield code="a">Accountants</subfield>
    <subfield code="2">lcsh</subfield>
    <subfield code="s">1973</subfield>
    <subfield code="t">2010</subfield>
  </datafield>
  <datafield tag="375" ind1=" " ind2=" ">
    <subfield code="a">male</subfield>
  </datafield>
  <datafield tag="377" ind1=" " ind2=" ">
    <subfield code="a">ita</subfield>
  </datafield>
  <datafield tag="670" ind1=" " ind2=" ">
    <subfield code="a">Casal di Principe, 2013:</subfield>
    <subfield code="b">t.p. (Luigi Furia)  back flap (b. 1944 in Casal di Principe;  accountant at the Comune di Casal di Principe, Italy from 1973 to 2010)</subfield>
  </datafield>
</record>